@INPROCEEDINGS{Elmegreen,
       author = {{Elmegreen}, D.~M. and {Chromey}, F.~R.},
        title = "{Vassar College Observatory, Department of Physics and Astronomy, Poughkeepsie, New York 12604. Report for the period Sep 1996 - Aug 1997.}",
    booktitle = {Bulletin of the American Astronomical Society},
         year = 1998,
       volume = {30},
        month = jan,
        pages = {704},
       adsurl = {https://ui.adsabs.harvard.edu/abs/1998BAAS...30..704E},
      adsnote = {Provided by the SAO/NASA Astrophysics Data System}
}

@article{templeton2005,
  title={Photometric and Spectroscopic Observations of the RR Lyrae Star EK Comae Berenices},
  author={Templeton, M. R. and Mattei, J. A. and Willson, L. A.},
  journal={Publications of the Astronomical Society of the Pacific},
  volume={117},
  number={832},
  pages={536},
  year={2005},
  publisher={IOP Publishing}
}

@article{price2007,
  title={Observations of EK Comae Berenices during the 2005 Superoutburst},
  author={Price, A. and Templeton, M. R. and Mattei, J. A.},
  journal={Journal of the American Association of Variable Star Observers},
  volume={35},
  number={1},
  pages={63--69},
  year={2007}
}

@article{smith2010,
  title={Stellar Variability: From EK Comae Berenices to Super-Orionis},
  author={Smith, J.},
  journal={Annual Review of Astronomy and Astrophysics},
  volume={48},
  pages={43--78},
  year={2010},
  publisher={Annual Reviews}
}

@article{percy2017,
  title={Introduction to Variable Stars},
  author={Percy, J.},
  journal={Publications of the Astronomical Society of the Pacific},
  volume={129},
  number={972},
  pages={018003},
  year={2017},
  publisher={IOP Publishing}
}

@ARTICLE{Deb,
       author = {{Deb}, Sukanta and {Singh}, Harinder P. and {Seshadri}, T.~R. and {Gupta}, Ranjan},
        title = "{A CCD photometric study of the late type contact binary EK Comae Berenices}",
      journal = {\na},
     keywords = {Astrophysics - Solar and Stellar Astrophysics},
         year = 2010,
        month = nov,
       volume = {15},
       number = {8},
        pages = {662-668},
          doi = {10.1016/j.newast.2010.04.005},
archivePrefix = {arXiv},
       eprint = {1004.5448},
 primaryClass = {astro-ph.SR},
       adsurl = {https://ui.adsabs.harvard.edu/abs/2010NewA...15..662D},
      adsnote = {Provided by the SAO/NASA Astrophysics Data System}
}

