@misc{vassar,
	title = {Physics and {Astronomy} - {Astronomy} - {The} {Class} of 1951 {Observatory} {\textbar} {Vassar} {College}},
	url = {https://www.vassar.edu/physics-and-astronomy/astronomy/class-1951-observatory},
	urldate = {2024-04-16},
}

@misc{simbad,
	title = {M81},
	url = {http://simbad.cds.unistra.fr/simbad/sim-basic},
	abstract = {The astronomical object called M 81 is a Seyfert 2 Galaxy},
	urldate = {2024-04-16},
}

@misc{nasa,
	title = {Messier 81},
	url = {https://science.nasa.gov/mission/hubble/science/explore-the-night-sky/hubble-messier-catalog/messier-81/},
	abstract = {This stately spiral galaxy holds a black hole at its heart that is 70 million times the mass of the Sun.},
	language = {en-US},
	urldate = {2024-04-16},
}

@ARTICLE{brandt,
       author = {{Brandt}, John C. and {Kalinowski}, J. Keith and {Roosen}, Robert G.},
        title = "{A Photoelectric Study of Messier 81}",
      journal = {\apjs},
         year = 1972,
        month = aug,
       volume = {24},
        pages = {421},
          doi = {10.1086/190260},
       adsurl = {https://ui.adsabs.harvard.edu/abs/1972ApJS...24..421B},
      adsnote = {Provided by the SAO/NASA Astrophysics Data System}
}

@ARTICLE{Gurzadyan,
       author = {{Gurzadyan}, V.~G. and {De Paolis}, F. and {Nucita}, A.~A. and {Kashin}, A.~L. and {Amekhyan}, A. and {Sargsyan}, S. and {Yegorian}, G. and {Qadir}, A. and {Ingrosso}, G. and {Jetzer}, Ph. and {Vetrugno}, D.},
        title = "{Messier 81's Planck view versus its halo mapping}",
      journal = {\aap},
     keywords = {galaxies: general, galaxies: individual: M 81, galaxies: halos, Astrophysics - Astrophysics of Galaxies},
         year = 2018,
        month = feb,
       volume = {609},
          eid = {A131},
        pages = {A131},
          doi = {10.1051/0004-6361/201731725},
archivePrefix = {arXiv},
       eprint = {1710.04166},
 primaryClass = {astro-ph.GA},
       adsurl = {https://ui.adsabs.harvard.edu/abs/2018A&A...609A.131G},
      adsnote = {Provided by the SAO/NASA Astrophysics Data System}
}

@ARTICLE{Casasola,
       author = {{Casasola}, V. and {Combes}, F. and {Bettoni}, D. and {Galletta}, G.},
        title = "{Molecular clouds in the center of M 81}",
      journal = {\aap},
     keywords = {galaxies: ISM, galaxies: spiral, ISM: clouds, ISM: molecules, Astrophysics},
         year = 2007,
        month = oct,
       volume = {473},
       number = {3},
        pages = {771-781},
          doi = {10.1051/0004-6361:20077883},
archivePrefix = {arXiv},
       eprint = {0707.4234},
 primaryClass = {astro-ph},
       adsurl = {https://ui.adsabs.harvard.edu/abs/2007A&A...473..771C},
      adsnote = {Provided by the SAO/NASA Astrophysics Data System}
}

@ARTICLE{Brunthaler,
       author = {{Brunthaler}, A. and {Bower}, G.~C. and {Falcke}, H.},
        title = "{Radio linear and circular polarization from M 81$^{*}$}",
      journal = {\aap},
     keywords = {galaxies: active, galaxies: individual: Messier Number: M 81, polarization, radio continum: galaxies, galaxies: nuclei},
         year = 2006,
        month = jun,
       volume = {451},
       number = {3},
        pages = {845-850},
          doi = {10.1051/0004-6361:20054790},
       adsurl = {https://ui.adsabs.harvard.edu/abs/2006A&A...451..845B},
      adsnote = {Provided by the SAO/NASA Astrophysics Data System}
}


@misc{iowa,
	title = {Part 2: {Selecting} a {VAO} {Filter} {\textbar} {Imaging} the {Universe} - {The} {University} of {Iowa}},
	shorttitle = {Part 2},
	url = {https://itu.physics.uiowa.edu/labs/observational/observing-vao/part-2-selecting-vao-filter},
	abstract = {Selecting Filters NGC 1512; Image credit: European Space Agency,Hubbble Space TelescopeMost astronomical cameras also have colored filters to block out certain kinds of light. These filters can allow one to see how bright objects are in different colors, or to look at the specific spectral line of a},
	language = {en},
	urldate = {2024-04-16},
}

@book{Chromey_2016, place={Cambridge}, edition={2}, title={To Measure the Sky: An Introduction to Observational Astronomy}, publisher={Cambridge University Press}, author={Chromey, Frederick R.}, year={2016}} <div></div>